<?xml version="1.0" encoding="UTF-8"?><collection xmlns="http://www.loc.gov/MARC21/slim"><record><leader>00398nam--2200133-i-4500</leader><controlfield tag="001">000004805</controlfield><controlfield tag="002">20161230</controlfield><controlfield tag="005">20161230201026</controlfield><controlfield tag="008">060222s1000------------r-----000-0-eng-d</controlfield><datafield ind1=" " ind2=" " tag="100"><subfield code="a">Chistova, E.A</subfield></datafield><datafield ind1=" " ind2=" " tag="245"><subfield code="a">Tables of bessel functions of the true argumen t and of integrals derived from them</subfield></datafield><datafield ind1=" " ind2=" " tag="260"><subfield code="a">London, Pergamon Press, 1959. 523 P</subfield></datafield><datafield ind1=" " ind2=" " tag="852"><subfield code="a">14613</subfield><subfield code="c">518.2</subfield></datafield><datafield ind1=" " ind2=" " tag="CAT"><subfield code="a">Sys</subfield><subfield code="c">20090929</subfield><subfield code="h">094922</subfield></datafield></record></collection>